% use `texdoc biblatex` to get help
@article{pavlakos2018ordinal,
  title={Ordinal depth supervision for 3d human pose estimation},
  author={Pavlakos, Georgios and Zhou, Xiaowei and Daniilidis, Kostas},
  journal={arXiv preprint arXiv:1805.04095},
  year={2018}
}

@inproceedings{schonberger2016pixelwise,
  title={Pixelwise view selection for unstructured multi-view stereo},
  author={Sch{\"o}nberger, Johannes L and Zheng, Enliang and Frahm, Jan-Michael and Pollefeys, Marc},
  booktitle={European Conference on Computer Vision},
  pages={501--518},
  year={2016},
  organization={Springer}
}

@inproceedings{kazemi2013multi,
  title={Multi-view body part recognition with random forests},
  author={Kazemi, Vahid and Burenius, Magnus and Azizpour, Hossein and Sullivan, Josephine},
  booktitle={2013 24th British Machine Vision Conference, BMVC 2013; Bristol; United Kingdom; 9 September 2013 through 13 September 2013},
  year={2013},
  organization={British Machine Vision Association}
}

@inproceedings{kanazawa2018end,
  title={End-to-end recovery of human shape and pose},
  author={Kanazawa, Angjoo and Black, Michael J and Jacobs, David W and Malik, Jitendra},
  booktitle={The IEEE Conference on Computer Vision and Pattern Recognition (CVPR)},
  year={2018}
}

@inproceedings{pavlakos2017coarse,
  title={Coarse-to-fine volumetric prediction for single-image 3D human pose},
  author={Pavlakos, Georgios and Zhou, Xiaowei and Derpanis, Konstantinos G and Daniilidis, Kostas},
  booktitle={Computer Vision and Pattern Recognition (CVPR), 2017 IEEE Conference on},
  pages={1263--1272},
  year={2017},
  organization={IEEE}
}

@article{pavlakos2018learning,
  title={Learning to Estimate 3D Human Pose and Shape from a Single Color Image},
  author={Pavlakos, Georgios and Zhu, Luyang and Zhou, Xiaowei and Daniilidis, Kostas},
  journal={arXiv preprint arXiv:1805.04092},
  year={2018}
}

@inproceedings{zhou2017towards,
  title={Towards 3d human pose estimation in the wild: a weakly-supervised approach},
  author={Zhou, Xingyi and Huang, Qixing and Sun, Xiao and Xue, Xiangyang and Wei, Yichen},
  booktitle={IEEE International Conference on Computer Vision},
  year={2017}
}
@inproceedings{martinez2017simple,
  title={A simple yet effective baseline for 3d human pose estimation},
  author={Martinez, Julieta and Hossain, Rayat and Romero, Javier and Little, James J},
  booktitle={International Conference on Computer Vision},
  volume={1},
  number={2},
  pages={5},
  year={2017}
}

@article{zhou2018monocap,
  title={Monocap: Monocular human motion capture using a CNN coupled with a geometric prior},
  author={Zhou, Xiaowei and Zhu, Menglong and Pavlakos, Georgios and Leonardos, Spyridon and Derpanis, Konstantinos G and Daniilidis, Kostas},
  journal={IEEE Transactions on Pattern Analysis and Machine Intelligence},
  year={2018},
  publisher={IEEE}
}

@article{varol2018bodynet,
  title={BodyNet: Volumetric Inference of 3D Human Body Shapes},
  author={Varol, G{\"u}l and Ceylan, Duygu and Russell, Bryan and Yang, Jimei and Yumer, Ersin and Laptev, Ivan and Schmid, Cordelia},
  journal={arXiv preprint arXiv:1804.04875},
  year={2018}
}

@article{tome2017lifting,
  title={Lifting from the deep: Convolutional 3d pose estimation from a single image},
  author={Tome, Denis and Russell, Christopher and Agapito, Lourdes},
  journal={CVPR 2017 Proceedings},
  pages={2500--2509},
  year={2017},
  publisher={IEEE}
}

@article{mehta2017vnect,
  title={Vnect: Real-time 3d human pose estimation with a single rgb camera},
  author={Mehta, Dushyant and Sridhar, Srinath and Sotnychenko, Oleksandr and Rhodin, Helge and Shafiei, Mohammad and Seidel, Hans-Peter and Xu, Weipeng and Casas, Dan and Theobalt, Christian},
  journal={ACM Transactions on Graphics (TOG)},
  volume={36},
  number={4},
  pages={44},
  year={2017},
  publisher={ACM}
}

@inproceedings{bogo2016keep,
  title={Keep it SMPL: Automatic estimation of 3D human pose and shape from a single image},
  author={Bogo, Federica and Kanazawa, Angjoo and Lassner, Christoph and Gehler, Peter and Romero, Javier and Black, Michael J},
  booktitle={European Conference on Computer Vision},
  pages={561--578},
  year={2016},
  organization={Springer}
}

@article{zhou2018human,
  title={Human Motion Capture Using a Drone},
  author={Zhou, Xiaowei and Liu, Sikang and Pavlakos, Georgios and Kumar, Vijay and Daniilidis, Kostas},
  journal={arXiv preprint arXiv:1804.06112},
  year={2018}
}

@inproceedings{rhodin2018learning,
  title={Learning Monocular 3D Human Pose Estimation from Multi-view Images},
  author={Rhodin, Helge and Sp{\"o}rri, J{\"o}rg and Katircioglu, Isinsu and Constantin, Victor and Meyer, Fr{\'e}d{\'e}ric and M{\"u}ller, Erich and Salzmann, Mathieu and Fua, Pascal},
  booktitle={CVPR},
  number={CONF},
  year={2018}
}

@inproceedings{lassner2017unite,
  title={Unite the people: Closing the loop between 3d and 2d human representations},
  author={Lassner, Christoph and Romero, Javier and Kiefel, Martin and Bogo, Federica and Black, Michael J and Gehler, Peter V},
  booktitle={IEEE Conf. on Computer Vision and Pattern Recognition (CVPR)},
  volume={2},
  pages={3},
  year={2017}
}

@inproceedings{guan2009estimating,
  title={Estimating human shape and pose from a single image},
  author={Guan, Peng and Weiss, Alexander and Balan, Alexandru O and Black, Michael J},
  booktitle={Computer Vision, 2009 IEEE 12th International Conference on},
  pages={1381--1388},
  year={2009},
  organization={IEEE}
}

@article{guler2018densepose,
  title={Densepose: Dense human pose estimation in the wild},
  author={G{\"u}ler, R{\i}za Alp and Neverova, Natalia and Kokkinos, Iasonas},
  journal={arXiv preprint arXiv:1802.00434},
  year={2018}
}
@inproceedings{varol2017learning,
  title={Learning from synthetic humans},
  author={Varol, G{\"u}l and Romero, Javier and Martin, Xavier and Mahmood, Naureen and Black, Michael J and Laptev, Ivan and Schmid, Cordelia},
  booktitle={2017 IEEE Conference on Computer Vision and Pattern Recognition (CVPR 2017)},
  pages={4627--4635},
  year={2017},
  organization={IEEE}
}

@inproceedings{zhou2016sparseness,
  title={Sparseness meets deepness: 3D human pose estimation from monocular video},
  author={Zhou, Xiaowei and Zhu, Menglong and Leonardos, Spyridon and Derpanis, Konstantinos G and Daniilidis, Kostas},
  booktitle={Proceedings of the IEEE conference on computer vision and pattern recognition},
  pages={4966--4975},
  year={2016}
}

@inproceedings{zhou20153d,
  title={3D shape estimation from 2D landmarks: A convex relaxation approach},
  author={Zhou, Xiaowei and Leonardos, Spyridon and Hu, Xiaoyan and Daniilidis, Kostas},
  booktitle={Proceedings of the IEEE Conference on Computer Vision and Pattern Recognition},
  pages={4447--4455},
  year={2015}
}

@article{shotton2013efficient,
  title={Efficient human pose estimation from single depth images},
  author={Shotton, Jamie and Girshick, Ross and Fitzgibbon, Andrew and Sharp, Toby and Cook, Mat and Finocchio, Mark and Moore, Richard and Kohli, Pushmeet and Criminisi, Antonio and Kipman, Alex and others},
  journal={IEEE Transactions on Pattern Analysis and Machine Intelligence},
  volume={35},
  number={12},
  pages={2821--2840},
  year={2013},
  publisher={IEEE}
}

@article{pavlakos2017harvesting,
  title={Harvesting multiple views for marker-less 3d human pose annotations},
  author={Pavlakos, Georgios and Zhou, Xiaowei and Derpanis, Konstantinos G and Daniilidis, Kostas},
  journal={arXiv preprint arXiv:1704.04793},
  year={2017}
}

@inproceedings{elhayek2015efficient,
  title={Efficient ConvNet-based marker-less motion capture in general scenes with a low number of cameras},
  author={Elhayek, Ahmed and de Aguiar, Edilson and Jain, Arjun and Tompson, Jonathan and Pishchulin, Leonid and Andriluka, Micha and Bregler, Chris and Schiele, Bernt and Theobalt, Christian},
  booktitle={Proceedings of the IEEE Conference on Computer Vision and Pattern Recognition},
  pages={3810--3818},
  year={2015}
}

@inproceedings{shotton2011real,
  title={Real-time human pose recognition in parts from single depth images},
  author={Shotton, Jamie and Fitzgibbon, Andrew and Cook, Mat and Sharp, Toby and Finocchio, Mark and Moore, Richard and Kipman, Alex and Blake, Andrew},
  booktitle={Computer Vision and Pattern Recognition (CVPR), 2011 IEEE Conference on},
  pages={1297--1304},
  year={2011},
  organization={Ieee}
}

@article{buehler2011upper,
  title={Upper body detection and tracking in extended signing sequences},
  author={Buehler, Patrick and Everingham, Mark and Huttenlocher, Daniel P and Zisserman, Andrew},
  journal={International journal of computer vision},
  volume={95},
  number={2},
  pages={180},
  year={2011},
  publisher={Springer}
}

@inproceedings{burenius20133d,
  title={3D pictorial structures for multiple view articulated pose estimation},
  author={Burenius, Magnus and Sullivan, Josephine and Carlsson, Stefan},
  booktitle={Proceedings of the IEEE Conference on Computer Vision and Pattern Recognition},
  pages={3618--3625},
  year={2013}
}

@article{eichner20122d,
  title={2d articulated human pose estimation and retrieval in (almost) unconstrained still images},
  author={Eichner, Marcin and Marin-Jimenez, Manuel and Zisserman, Andrew and Ferrari, Vittorio},
  journal={International journal of computer vision},
  volume={99},
  number={2},
  pages={190--214},
  year={2012},
  publisher={Springer}
}

@inproceedings{mehta2017monocular,
  title={Monocular 3d human pose estimation in the wild using improved cnn supervision},
  author={Mehta, Dushyant and Rhodin, Helge and Casas, Dan and Fua, Pascal and Sotnychenko, Oleksandr and Xu, Weipeng and Theobalt, Christian},
  booktitle={3D Vision (3DV), 2017 International Conference on},
  pages={506--516},
  year={2017},
  organization={IEEE}
}
@inproceedings{zhou2017weaklysupervised,
  title={Weaklysupervised transfer for 3d human pose estimation in the wild},
  author={Zhou, Xingyi and Huang, Qixing and Sun, Xiao and Xue, Xiangyang and Wei, Yichen},
  booktitle={IEEE International Conference on Computer Vision},
  volume={206},
  pages={3},
  year={2017}
}

@inproceedings{sun2017compositional,
  title={Compositional human pose regression},
  author={Sun, Xiao and Shang, Jiaxiang and Liang, Shuang and Wei, Yichen},
  booktitle={The IEEE International Conference on Computer Vision (ICCV)},
  volume={2},
  number={3},
  pages={7},
  year={2017}
}

@inproceedings{zhou2016deep,
  title={Deep kinematic pose regression},
  author={Zhou, Xingyi and Sun, Xiao and Zhang, Wei and Liang, Shuang and Wei, Yichen},
  booktitle={European Conference on Computer Vision},
  pages={186--201},
  year={2016},
  organization={Springer}
}

@inproceedings{rogez2016mocap,
  title={Mocap-guided data augmentation for 3d pose estimation in the wild},
  author={Rogez, Gr{\'e}gory and Schmid, Cordelia},
  booktitle={Advances in Neural Information Processing Systems},
  pages={3108--3116},
  year={2016}
}

@inproceedings{tekin2017learning,
  title={Learning to fuse 2d and 3d image cues for monocular body pose estimation},
  author={Tekin, Bugra and Marquez Neila, Pablo and Salzmann, Mathieu and Fua, Pascal},
  booktitle={International Conference on Computer Vision (ICCV)},
  number={EPFL-CONF-230311},
  year={2017}
}

@article{ionescu2014human3,
  title={Human3. 6m: Large scale datasets and predictive methods for 3d human sensing in natural environments},
  author={Ionescu, Catalin and Papava, Dragos and Olaru, Vlad and Sminchisescu, Cristian},
  journal={IEEE transactions on pattern analysis and machine intelligence},
  volume={36},
  number={7},
  pages={1325--1339},
  year={2014},
  publisher={IEEE}
}

@article{sigal2010humaneva,
  title={Humaneva: Synchronized video and motion capture dataset and baseline algorithm for evaluation of articulated human motion},
  author={Sigal, Leonid and Balan, Alexandru O and Black, Michael J},
  journal={International journal of computer vision},
  volume={87},
  number={1-2},
  pages={4},
  year={2010},
  publisher={Springer}
}

@inproceedings{newell2016stacked,
  title={Stacked hourglass networks for human pose estimation},
  author={Newell, Alejandro and Yang, Kaiyu and Deng, Jia},
  booktitle={European Conference on Computer Vision},
  pages={483--499},
  year={2016},
  organization={Springer}
}

@inproceedings{wei2016convolutional,
  title={Convolutional pose machines},
  author={Wei, Shih-En and Ramakrishna, Varun and Kanade, Takeo and Sheikh, Yaser},
  booktitle={Proceedings of the IEEE Conference on Computer Vision and Pattern Recognition},
  pages={4724--4732},
  year={2016}
}


Scopus
EXPORT DATE: 30 December 2018

@ARTICLE{agarwal2006recovering,
author={Agarwal, A. and Triggs, B.},
title={Recovering 3D human pose from monocular images},
journal={IEEE Transactions on Pattern Analysis and Machine Intelligence},
year={2006},
volume={28},
number={1},
pages={44-58},
doi={10.1109/TPAMI.2006.21},
note={cited By 485},
}

@CONFERENCE{akhter2015pose,
author={Akhter, I. and Black, M.J.},
title={Pose-conditioned joint angle limits for 3D human pose reconstruction},
journal={Proceedings of the IEEE Computer Society Conference on Computer Vision and Pattern Recognition},
year={2015},
volume={07-12-June-2015},
pages={1446-1455},
doi={10.1109/CVPR.2015.7298751},
art_number={7298751},
note={cited By 63},
}

@ARTICLE{akhter2011trajectory,
author={Akhter, I. and Sheikh, Y. and Khan, S. and Kanade, T.},
title={Trajectory space: A dual representation for nonrigid structure from motion},
journal={IEEE Transactions on Pattern Analysis and Machine Intelligence},
year={2011},
volume={33},
number={7},
pages={1442-1456},
doi={10.1109/TPAMI.2010.201},
art_number={5639016},
note={cited By 114},
}

@CONFERENCE{andriluka20142d,
author={Andriluka, M. and Pishchulin, L. and Gehler, P. and Schiele, B.},
title={2D human pose estimation: New benchmark and state of the art analysis},
journal={Proceedings of the IEEE Computer Society Conference on Computer Vision and Pattern Recognition},
year={2014},
pages={3686-3693},
doi={10.1109/CVPR.2014.471},
art_number={6909866},
note={cited By 217},
}

@inproceedings{andriluka14cvpr,
  title={2d human pose estimation: New benchmark and state of the art analysis},
  author={Andriluka, Mykhaylo and Pishchulin, Leonid and Gehler, Peter and Schiele, Bernt},
  booktitle={Proceedings of the IEEE Conference on computer Vision and Pattern Recognition},
  pages={3686--3693},
  year={2014}
}


@CONFERENCE{andriluka2010monocular,
author={Andriluka, M. and Roth, S. and Schiele, B.},
title={Monocular 3D pose estimation and tracking by detection},
journal={Proceedings of the IEEE Computer Society Conference on Computer Vision and Pattern Recognition},
year={2010},
pages={623-630},
doi={10.1109/CVPR.2010.5540156},
art_number={5540156},
note={cited By 271},
}

@ARTICLE{boumal2014manopt,
author={Boumal, N. and Mishra, B. and Absil, P.-A. and Sepulchre, R.},
title={Manopt, a matlab toolbox for optimization on manifolds},
journal={Journal of Machine Learning Research},
year={2014},
volume={15},
pages={1455-1459},
note={cited By 185},
}

@ARTICLE{bregler2000recovering,
author={Bregler, C. and Hertzmann, A. and Biermann, H.},
title={Recovering non-rigid 3D shape from image streams},
journal={Proceedings of the IEEE Computer Society Conference on Computer Vision and Pattern Recognition},
year={2000},
volume={2},
pages={690-696},
doi={10.1109/CVPR.2000.854941},
note={cited By 484},
}

@CONFERENCE{bregler1998tracking,
author={Bregler, Christoph and Malik, Jitendra},
title={Tracking people with twists and exponential maps},
journal={Proceedings of the IEEE Computer Society Conference on Computer Vision and Pattern Recognition},
year={1998},
pages={8-15},
note={cited By 508},
}

@ARTICLE{brubaker2010video,
author={Brubaker, M.A. and Sigal, F. and Fleet, D.J.},
title={Video-based people tracking},
journal={Handbook Ambient Intell. Smart Environ.},
year={2010},
pages={57-87},
note={cited By 4},
}

@CONFERENCE{chen2014articulated,
author={Chen, X. and Yuille, A.},
title={Articulated pose estimation by a graphical model with image dependent pairwise relations},
journal={Advances in Neural Information Processing Systems},
year={2014},
volume={2},
number={January},
pages={1736-1744},
note={cited By 150},
}

@inproceedings{chen2016synthesizing,
  title={Synthesizing training images for boosting human 3d pose estimation},
  author={Chen, Wenzheng and Wang, Huan and Li, Yangyan and Su, Hao and Wang, Zhenhua and Tu, Changhe and Lischinski, Dani and Cohen-Or, Daniel and Chen, Baoquan},
  booktitle={3D Vision (3DV), 2016 Fourth International Conference on},
  pages={479--488},
  year={2016},
  organization={IEEE}
}

@CONFERENCE{cherian2014mixing,
author={Cherian, A. and Mairal, J. and Alahari, K. and Schmid, C.},
title={Mixing body-part sequences for human pose estimation},
journal={Proceedings of the IEEE Computer Society Conference on Computer Vision and Pattern Recognition},
year={2014},
pages={2361-2368},
doi={10.1109/CVPR.2014.302},
art_number={6909699},
note={cited By 58},
}

@ARTICLE{cho2015complex,
author={Cho, J. and Lee, M. and Oh, S.},
title={Complex non-rigid 3D shape recovery using a Procrustean normal distribution mixture model},
journal={IJCV},
year={2015},
pages={1-21},
note={cited By 3},
}

@ARTICLE{cootes1995,
author={Cootes, T.F. and Taylor, C.J. and Cooper, D.H. and Graham, J.},
title={Active shape models - their training and application},
journal={Computer Vision and Image Understanding},
year={1995},
volume={61},
number={1},
pages={38-59},
doi={10.1006/cviu.1995.1004},
note={cited By 5086},
}

@ARTICLE{dai2012simple,
author={Dai, Y. and Li, H. and He, M.},
title={A simple prior-free method for non-rigid structure-from-motion factorization},
journal={International Journal of Computer Vision},
year={2014},
volume={107},
number={2},
pages={101-122},
doi={10.1007/s11263-013-0684-2},
note={cited By 58},
}

@ARTICLE{fan2014pose,
author={Fan, X. and Zheng, K. and Zhou, Y. and Wang, S.},
title={Pose locality constrained representation for 3D human pose reconstruction},
journal={ECCV},
year={2014},
pages={174-188},
note={cited By 7},
}

@ARTICLE{ionescu2014human,
author={Ionescu, C. and Papava, D. and Olaru, V. and Sminchisescu, C.},
title={Human3.6M: Large scale datasets and predictive methods for 3D human sensing in natural environments},
journal={IEEE Transactions on Pattern Analysis and Machine Intelligence},
year={2014},
volume={36},
number={7},
pages={1325-1339},
doi={10.1109/TPAMI.2013.248},
art_number={6682899},
note={cited By 173},
}

@ARTICLE{jain2014learning,
author={Jain, A. and Tompson, J. and Andriluka, M. and Taylor, G. and Bregler, C.},
title={Learning human pose estimation features with convolutional networks},
journal={ICLR},
year={2014},
note={cited By 21},
}

@ARTICLE{jia2014caffe,
author={Jia, Y. and Shelhamer, E. and Donahue, J. and Karayev, S. and Long, J. and Girshick, R. and Guadarrama, S. and Darrell, T.},
journal={Caffe: Convolutional Architecture for Fast Feature Embedding},
year={2014},
note={cited By 1905},
}

@CONFERENCE{jiang20103d,
author={Jiang, H.},
title={3D human pose reconstruction using millions of exemplars},
journal={Proceedings - International Conference on Pattern Recognition},
year={2010},
pages={1674-1677},
doi={10.1109/ICPR.2010.414},
art_number={5597194},
note={cited By 20},
}

@ARTICLE{lee1985determination,
author={Lee, H.-J. and Chen, Z.},
title={Determination of 3D human body postures from a single view},
journal={Computer Vision, Graphics and Image Processing},
year={1985},
volume={30},
number={2},
pages={148-168},
doi={10.1016/0734-189X(85)90094-5},
note={cited By 95},
}

@CONFERENCE{leonardos2016articulated,
author={Leonardos, S. and Zhou, X. and Daniilidis, K.},
title={Articulated motion estimation from a monocular image sequence using spherical tangent bundles},
journal={Proceedings - IEEE International Conference on Robotics and Automation},
year={2016},
volume={2016-June},
pages={587-593},
doi={10.1109/ICRA.2016.7487183},
art_number={7487183},
note={cited By 5},
}

@ARTICLE{li20143d,
author={Li, S. and Chan, A.B.},
title={3d human pose estimation from monocular images with deep convolutional neural network},
journal={ACCV},
year={2014},
note={cited By 16},
}

@inproceedings{li2015maximum,
  title={Maximum-margin structured learning with deep networks for 3d human pose estimation},
  author={Li, Sijin and Zhang, Weichen and Chan, Antoni B},
  booktitle={Proceedings of the IEEE International Conference on Computer Vision},
  pages={2848--2856},
  year={2015}
}

@CONFERENCE{long2015fully,
author={Long, J. and Shelhamer, E. and Darrell, T.},
title={Fully convolutional networks for semantic segmentation},
journal={Proceedings of the IEEE Computer Society Conference on Computer Vision and Pattern Recognition},
year={2015},
volume={07-12-June-2015},
pages={3431-3440},
doi={10.1109/CVPR.2015.7298965},
art_number={7298965},
note={cited By 3300},
}

@ARTICLE{lu2000fast,
author={Lu, C.-P. and Hager, G.D. and Mjolsness, E.},
title={Fast and globally convergent pose estimation from video images},
journal={IEEE Transactions on Pattern Analysis and Machine Intelligence},
year={2000},
volume={22},
number={6},
pages={610-622},
doi={10.1109/34.862199},
note={cited By 580},
}

@ARTICLE{moeslund2006survey,
author={Moeslund, T.B. and Hilton, A. and Krüger, V.},
title={A survey of advances in vision-based human motion capture and analysis},
journal={Computer Vision and Image Understanding},
year={2006},
volume={104},
number={2-3 SPEC. ISS.},
pages={90-126},
doi={10.1016/j.cviu.2006.08.002},
note={cited By 1673},
}

@ARTICLE{mori2006recovering,
author={Mori, G. and Malik, J.},
title={Recovering 3D human body configurations using shape contexts},
journal={IEEE Transactions on Pattern Analysis and Machine Intelligence},
year={2006},
volume={28},
number={7},
pages={1052-1062},
doi={10.1109/TPAMI.2006.149},
note={cited By 189},
}

@ARTICLE{nesterov2007gradient,
author={Nesterov, Y.},
title={Gradient methods for minimizing composite objective function},
journal={Gradient Methods for Minimizing Composite Objective Function},
year={2007},
note={cited By 410},
}

@inproceedings{grinciunaite2016human,
  title={Human pose estimation in space and time using 3D CNN},
  author={Grinciunaite, Agne and Gudi, Amogh and Tasli, Emrah and den Uyl, Marten},
  booktitle={European Conference on Computer Vision},
  pages={32--39},
  year={2016},
  organization={Springer}
}


@CONFERENCE{park2015articulated,
author={Park, D. and Ramanan, D.},
title={Articulated pose estimation with tiny synthetic videos},
journal={IEEE Computer Society Conference on Computer Vision and Pattern Recognition Workshops},
year={2015},
volume={2015-October},
pages={58-66},
doi={10.1109/CVPRW.2015.7301337},
art_number={7301337},
note={cited By 17},
}

@CONFERENCE{park20113d,
author={Park, H.S. and Sheikh, Y.},
title={3D reconstruction of a smooth articulated trajectory from a monocular image sequence},
journal={Proceedings of the IEEE International Conference on Computer Vision},
year={2011},
pages={201-208},
doi={10.1109/ICCV.2011.6126243},
art_number={6126243},
note={cited By 26},
}

@inproceedings{park20163d,
  title={3D human pose estimation using convolutional neural networks with 2D pose information},
  author={Park, Sungheon and Hwang, Jihye and Kwak, Nojun},
  booktitle={European Conference on Computer Vision},
  pages={156--169},
  year={2016},
  organization={Springer}
}

@CONFERENCE{pfister2015flowing,
author={Pfister, T. and Charles, J. and Zisserman, A.},
title={Flowing convnets for human pose estimation in videos},
journal={Proceedings of the IEEE International Conference on Computer Vision},
year={2015},
volume={2015 International Conference on Computer Vision, ICCV 2015},
pages={1913-1921},
doi={10.1109/ICCV.2015.222},
art_number={7410579},
note={cited By 91},
}

@inproceedings{radwan2013monocular,
  title={Monocular image 3d human pose estimation under self-occlusion},
  author={Radwan, Ibrahim and Dhall, Abhinav and Goecke, Roland},
  booktitle={Proceedings of the IEEE International Conference on Computer Vision},
  pages={1888--1895},
  year={2013}
}

@ARTICLE{ramakrishna2012reconstructing,
author={Ramakrishna, V. and Kanade, T. and Sheikh, Y.},
title={Reconstructing 3d human pose from 2d image landmarks},
journal={ECCV},
year={2012},
pages={573-586},
note={cited By 34},
}

@ARTICLE{ramanan2011part,
author={Ramanan, D.},
title={Part-based models for finding people and estimating their pose},
journal={Visual Analysis of Humans},
year={2011},
pages={199-223},
note={cited By 15},
}

@CONFERENCE{salzmann2010implicitly,
author={Salzmann, M. and Urtasun, R.},
title={Implicitly constrained Gaussian process regression for monocular non-rigid pose estimation},
journal={Advances in Neural Information Processing Systems 23: 24th Annual Conference on Neural Information Processing Systems 2010, NIPS 2010},
year={2010},
page_count={9},
note={cited By 19},
}

@CONFERENCE{sapp2011parsing,
author={Sapp, B. and Weiss, D. and Taskar, B.},
title={Parsing human motion with stretchable models},
journal={Proceedings of the IEEE Computer Society Conference on Computer Vision and Pattern Recognition},
year={2011},
pages={1281-1288},
doi={10.1109/CVPR.2011.5995607},
art_number={5995607},
note={cited By 104},
}

@CONFERENCE{shakhnarovich2003fast,
author={Shakhnarovich, G. and Viola, P. and Darrell, T.},
title={Fast pose estimation with Parameter-Sensitive Hashing},
journal={Proceedings of the IEEE International Conference on Computer Vision},
year={2003},
volume={2},
pages={750-757},
note={cited By 513},
}

@CONFERENCE{kinect,
author={Shotton, J. and Fitzgibbon, A. and Cook, M. and Sharp, T. and Finocchio, M. and Moore, R. and Kipman, A. and Blake, A.},
title={Real-time human pose recognition in parts from single depth images},
journal={Proceedings of the IEEE Computer Society Conference on Computer Vision and Pattern Recognition},
year={2011},
pages={1297-1304},
doi={10.1109/CVPR.2011.5995316},
art_number={5995316},
note={cited By 1856},
}

@ARTICLE{sigal2012loose,
author={Sigal, L. and Isard, M. and Haussecker, H. and Black, M.J.},
title={Loose-limbed people: Estimating 3D human pose and motion using non-parametric belief propagation},
journal={International Journal of Computer Vision},
year={2012},
volume={98},
number={1},
pages={15-48},
doi={10.1007/s11263-011-0493-4},
note={cited By 71},
}

@CONFERENCE{simo2013joint,
author={Simo-Serra, E. and Quattoni, A. and Torras, C. and Moreno-Noguer, F.},
title={A joint model for 2D and 3D pose estimation from a single image},
journal={Proceedings of the IEEE Computer Society Conference on Computer Vision and Pattern Recognition},
year={2013},
pages={3634-3641},
doi={10.1109/CVPR.2013.466},
art_number={6619310},
note={cited By 45},
}

@CONFERENCE{simo2012single,
author={Simo-Serra, E. and Ramisa, A. and Alenya, G. and Torras, C. and Moreno-Noguer, F.},
title={Single image 3D human pose estimation from noisy observations},
journal={Proceedings of the IEEE Computer Society Conference on Computer Vision and Pattern Recognition},
year={2012},
pages={2673-2680},
doi={10.1109/CVPR.2012.6247988},
art_number={6247988},
note={cited By 60},
}

@CONFERENCE{sminchisescu20073d,
author={Sminchisescu, C.},
title={3D Human motion analysis in monocular video techniques and challenges},
journal={Proceedings - IEEE International Conference on Video and Signal Based Surveillance 2006, AVSS 2006},
year={2006},
doi={10.1109/AVSS.2006.3},
art_number={4020735},
note={cited By 12},
}

@CONFERENCE{sminchisescu2003kinematic,
author={Sminchisescu, C. and Triggs, B.},
title={Kinematic jump processes for monocular 3D human tracking},
journal={Proceedings of the IEEE Computer Society Conference on Computer Vision and Pattern Recognition},
year={2003},
volume={1},
pages={I/69-I/76},
note={cited By 175},
}

@ARTICLE{taylor2000reconstruction,
author={Taylor, C.J.},
title={Reconstruction of articulated objects from point correspondences in a single uncalibrated image},
journal={Computer Vision and Image Understanding},
year={2000},
volume={80},
number={3},
pages={349-363},
doi={10.1006/cviu.2000.0878},
note={cited By 158},
}

@ARTICLE{tekin2015predicting,
author={Tekin, B. and Sun, X. and Wang, X. and Lepetit, V. and Fua, P.},
title={Predicting People's 3D Poses From Short Sequences},
journal={Predicting People's 3D Poses from Short Sequences},
year={2015},
note={cited By 11},
}
 

@CONFERENCE{tompson2014joint,
author={Tompson, J. and Jain, A. and LeCun, Y. and Bregler, C.},
title={Joint training of a convolutional network and a graphical model for human pose estimation},
journal={Advances in Neural Information Processing Systems},
year={2014},
volume={2},
number={January},
pages={1799-1807},
note={cited By 328},
}

@CONFERENCE{toshev2014deep,
author={Toshev, A. and Szegedy, C.},
title={DeepPose: Human pose estimation via deep neural networks},
journal={Proceedings of the IEEE Computer Society Conference on Computer Vision and Pattern Recognition},
year={2014},
pages={1653-1660},
doi={10.1109/CVPR.2014.214},
art_number={6909610},
note={cited By 494},
}

@ARTICLE{valmadre2010deterministic,
author={Valmadre, J. and Lucey, S.},
title={Deterministic 3D human pose estimation using rigid structure},
journal={ECCV},
year={2010},
pages={467-480},
note={cited By 8},
}

@CONFERENCE{wang2014robust,
author={Wang, C. and Wang, Y. and Lin, Z. and Yuille, A.L. and Gao, W.},
title={Robust estimation of 3D human poses from a single image},
journal={Proceedings of the IEEE Computer Society Conference on Computer Vision and Pattern Recognition},
year={2014},
pages={2369-2376},
doi={10.1109/CVPR.2014.303},
art_number={6909700},
note={cited By 64},
}

@CONFERENCE{nie2015joint,
author={Nie, B.X. and Xiong, C. and Zhu, S.-C.},
title={Joint action recognition and pose estimation from video},
journal={Proceedings of the IEEE Computer Society Conference on Computer Vision and Pattern Recognition},
year={2015},
volume={07-12-June-2015},
pages={1293-1301},
doi={10.1109/CVPR.2015.7298734},
art_number={7298734},
note={cited By 47},
}

@CONFERENCE{yang2011articulated,
author={Yang, Y. and Ramanan, D.},
title={Articulated pose estimation with flexible mixtures-of-parts},
journal={Proceedings of the IEEE Computer Society Conference on Computer Vision and Pattern Recognition},
year={2011},
pages={1385-1392},
doi={10.1109/CVPR.2011.5995741},
art_number={5995741},
note={cited By 636},
}

@CONFERENCE{yu2013unconstrained,
author={Yu, T.-H. and Kim, T.-K. and Cipolla, R.},
title={Unconstrained monocular 3D human pose estimation by action detection and cross-modality regression forest},
journal={Proceedings of the IEEE Computer Society Conference on Computer Vision and Pattern Recognition},
year={2013},
pages={3642-3649},
doi={10.1109/CVPR.2013.467},
art_number={6619311},
note={cited By 38},
}

@CONFERENCE{zhang2015human,
author={Zhang, D. and Shah, M.},
title={Human pose estimation in videos},
journal={Proceedings of the IEEE International Conference on Computer Vision},
year={2015},
volume={2015 International Conference on Computer Vision, ICCV 2015},
pages={2012-2020},
doi={10.1109/ICCV.2015.233},
art_number={7410590},
note={cited By 14},
}

@CONFERENCE{zhang2013from,
author={Zhang, W. and Zhu, M. and Derpanis, K.G.},
title={From actemes to action: A strongly-supervised representation for detailed action understanding},
journal={Proceedings of the IEEE International Conference on Computer Vision},
year={2013},
pages={2248-2255},
doi={10.1109/ICCV.2013.280},
art_number={6751390},
note={cited By 43},
}

@ARTICLE{zhou2014spatio,
author={Zhou, F. and Torre, F.D.},
title={Spatio-temporal matching for human detection in video},
journal={ECCV},
year={2014},
note={cited By 12},
}


@ARTICLE{zhou2015sparse,
author={Zhou, X. and Zhu, M. and Leonardos, S. and Daniilidis, K.},
title={Sparse representation for 3D shape estimation: A convex relaxation approach},
journal={Sparse Representation for 3D Shape Estimation: A Convex Relaxation Approach},
year={2015},
note={cited By 6},
}

@CONFERENCE{zhu2014complex,
author={Zhu, Y. and Huang, D. and Torre, F.D.L. and Lucey, S.},
title={Complex non-rigid motion 3D reconstruction by union of subspaces},
journal={Proceedings of the IEEE Computer Society Conference on Computer Vision and Pattern Recognition},
year={2014},
pages={1542-1549},
doi={10.1109/CVPR.2014.200},
art_number={6909596},
note={cited By 44},
}

@incollection{deva2011_Book,
  title={Part-based models for finding people and estimating their pose},
  author={Ramanan, Deva},
  booktitle={Visual Analysis of Humans},
  pages={199--223},
  year={2011},
  publisher={Springer}
}

@article{sarafianos20163d,
  title={3d human pose estimation: A review of the literature and analysis of covariates},
  author={Sarafianos, Nikolaos and Boteanu, Bogdan and Ionescu, Bogdan and Kakadiaris, Ioannis A},
  journal={Computer Vision and Image Understanding},
  volume={152},
  pages={1--20},
  year={2016},
  publisher={Elsevier}
}

@inproceedings{sapp2011,
  title={Parsing human motion with stretchable models},
  author={Sapp, Benjamin and Weiss, David and Taskar, Ben},
  booktitle={Computer Vision and Pattern Recognition (CVPR), 2011 IEEE Conference on},
  pages={1281--1288},
  year={2011},
  organization={IEEE}
}

@inproceedings{cherian2014,
  title={Mixing body-part sequences for human pose estimation},
  author={Cherian, Anoop and Mairal, Julien and Alahari, Karteek and Schmid, Cordelia},
  booktitle={Proceedings of the IEEE Conference on Computer Vision and Pattern Recognition},
  pages={2353--2360},
  year={2014}
}

@article{bo2010twin,
  title={Twin gaussian processes for structured prediction},
  author={Bo, Liefeng and Sminchisescu, Cristian},
  journal={International Journal of Computer Vision},
  volume={87},
  number={1-2},
  pages={28},
  year={2010},
  publisher={Springer}
}

@inproceedings{kostrikov2014depth,
  title={Depth Sweep Regression Forests for Estimating 3D Human Pose from Images.},
  author={Kostrikov, Ilya and Gall, Juergen},
  booktitle={BMVC},
  volume={1},
  number={2},
  pages={5},
  year={2014}
}

@inproceedings{du2016marker,
  title={Marker-less 3d human motion capture with monocular image sequence and height-maps},
  author={Du, Yu and Wong, Yongkang and Liu, Yonghao and Han, Feilin and Gui, Yilin and Wang, Zhen and Kankanhalli, Mohan and Geng, Weidong},
  booktitle={European Conference on Computer Vision},
  pages={20--36},
  year={2016},
  organization={Springer}
}

@inproceedings{yasin2016dual,
  title={A dual-source approach for 3D pose estimation from a single image},
  author={Yasin, Hashim and Iqbal, Umar and Kruger, Bjorn and Weber, Andreas and Gall, Juergen},
  booktitle={Proceedings of the IEEE Conference on Computer Vision and Pattern Recognition},
  pages={4948--4956},
  year={2016}
}

